:20:TRY214002138-99999830-240717
:25:0059-00372/666009999       
:28C:199/0001
:60F:C240717TRY000000013273,56
:61:2407170717CY000000108256,39NDDBTR450005902140130214002137//
:86: - DBS Aktarim - DBS Aktarim
:61:2407170717CY000000255201,57NDDBTR450005902140130214002137//
:86: - DBS Aktarim - DBS Aktarim
:62F:C240717TRY000000376731,52
